@inproceedings{bollacker2008freebase,
  title={Freebase: a collaboratively created graph database for structuring human knowledge},
  author={Bollacker, Kurt and Evans, Colin and Paritosh, Praveen and Sturge, Tim and Taylor, Jamie},
  booktitle={Proceedings of the 2008 ACM SIGMOD international conference on Management of data},
  pages={1247--1250},
  year={2008}
}
@article{2019Multi,
	title={Multi-passage BERT: A Globally Normalized BERT Model for Open-domain Question Answering},
	author={ Wang, Z.  and  Ng, P.  and  Ma, X.  and  Nallapati, R.  and  Xiang, B. },
	year={ EMNLP 2019},
}
@conference{sun2018open,
	title={Open domain question answering using early fusion of knowledge bases and text},
	author={Sun, Haitian and Dhingra, Bhuwan and Zaheer, Manzil and Mazaitis, Kathryn and Salakhutdinov, Ruslan and Cohen, William W},
	booktitle={Proceedings of the 2018 Conference on Empirical Methods in Natural Language Processing, pages 4231–4242},
	year={2018}
}
@conference{sun2019pullnet,
	title={Pullnet: Open domain question answering with iterative retrieval on knowledge bases and text},
	author={Sun, Haitian and Bedrax-Weiss, Tania and Cohen, William W},
	booktitle={Proceedings of the 2019 Conference on Empirical Methods in Natural Language Processing
	and the 9th International Joint Conference on Natural Language Processing, pages 2380–2390,7},
	year={2019}
}
@conference{izacard2020distilling,
	title={Distilling Knowledge from Reader to Retriever for Question Answering},
	author={Izacard, Gautier and Grave, Edouard},
	booktitle ={ICLR},
	year={2021}
}
@conference{asai2019learning,
	title={Learning to retrieve reasoning paths over wikipedia graph for question answering},
	author={Asai, Akari and Hashimoto, Kazuma and Hajishirzi, Hannaneh and Socher, Richard and Xiong, Caiming},
	booktitle={ICLR},
	year={2020}
}
@article{xiong2019improving,
	title={Improving question answering over incomplete kbs with knowledge-aware reader},
	author={Xiong, Wenhan and Yu, Mo and Chang, Shiyu and Guo, Xiaoxiao and Wang, William Yang},
	journal={arXiv preprint arXiv:1905.07098},
	year={2019}
}
@article{min2019knowledge,
	title={Knowledge guided text retrieval and reading for open domain question answering},
	author={Min, Sewon and Chen, Danqi and Zettlemoyer, Luke and Hajishirzi, Hannaneh},
	journal={arXiv preprint arXiv:1911.03868},
	year={2019}
}

@article{chen2017reading,
	title={Reading wikipedia to answer open-domain questions},
	author={Chen, Danqi and Fisch, Adam and Weston, Jason and Bordes, Antoine},
	journal={arXiv preprint arXiv:1704.00051},
	year={2017}
}
@article{2018Simple,
	title={Simple and Effective Multi-Paragraph Reading Comprehension},
	author={ Clark, C.  and  Gardner, M. },
	year={ACL 2018},
}
@article{2020Composition,
	title={Composition-based Multi-Relational Graph Convolutional Networks},
	author={ Vashishth, S.  and  Sanyal, S.  and  Nitin, V.  and  Talukdar, P. },
	year={ICLR 2020},
}
@article{ding2019cognitive,
  title={Cognitive graph for multi-hop reading comprehension at scale},
  author={Ding, Ming and Zhou, Chang and Chen, Qibin and Yang, Hongxia and Tang, Jie},
  year={ACL 2019},
}
@article{vrandevcic2014wikidata,
  title={Wikidata: a free collaborative knowledgebase},
  author={Vrande{\v{c}}i{\'c}, Denny and Kr{\"o}tzsch, Markus},
  journal={Communications of the ACM},
  volume={57},
  number={10},
  pages={78--85},
  year={2014},
  publisher={ACM New York, NY, USA}
}
@incollection{auer2007dbpedia,
  title={Dbpedia: A nucleus for a web of open data},
  author={Auer, S{\"o}ren and Bizer, Christian and Kobilarov, Georgi and Lehmann, Jens and Cyganiak, Richard and Ives, Zachary},
  booktitle={The semantic web},
  pages={722--735},
  year={2007},
  publisher={Springer}
}
@article{haveliwala2003topic,
  title={Topic-sensitive pagerank: A context-sensitive ranking algorithm for web search},
  author={Haveliwala, Taher H},
  journal={IEEE transactions on knowledge and data engineering},
  volume={15},
  number={4},
  pages={784--796},
  year={2003},
  publisher={IEEE}
}
@article{ferragina2011fast,
  title={Fast and accurate annotation of short texts with wikipedia pages},
  author={Ferragina, Paolo and Scaiella, Ugo},
  journal={IEEE software},
  volume={29},
  number={1},
  pages={70--75},
  year={2011},
  publisher={IEEE}
}
